@article{dssc;fundamentals,
	author = {Khushboo Sharma and Vinay Sharma and S. S. Sharma},
	title = {Dye-Sensitized Solar Cells: Fundamentals
	and Current Status},
	journaltitle = {Discover Nano},
	date = {2018},
}

@article{rys_n719,
	author = {Al-Azawi, Mohammed A. and Bidin, Noriah and Abdullah, Majda and Ali, Abdulrahman and Hassoon, Khaleel and Abbas, Khaldoon and J.Al-Asedy, Hayder},
	year = {2015},
	month = {03},
	pages = {264-269},
	title = {Surface plasmon resonance effects of gold colloids on optical properties of N719 dye in ethanol},
	volume = {17},
	journal = {Journal of Optoelectronics and Advanced Materials}
}


@unpublished{wyklad_9,
	author = {Damian Głowienka},
	title = {Technologia Ogniw Fotowoltaicznych},
	date = {2025},
	subtitle = {Wykład 9: Ogniwa perowskitowe},
}
