@article{article,
author = {Al-Azawi, Mohammed A. and Bidin, Noriah and Abdullah, Majda and Ali, Abdulrahman and Hassoon, Khaleel and Abbas, Khaldoon and J.Al-Asedy, Hayder},
year = {2015},
month = {03},
pages = {264-269},
title = {Surface plasmon resonance effects of gold colloids on optical properties of N719 dye in ethanol},
volume = {17},
journal = {Journal of Optoelectronics and Advanced Materials}
}